@ARTICLE{
    key,
    AUTHOR =    {},
    TITLE =     {},
    JOURNAL =   {},
    Volume =    {},
    Number =    {},
    Pages =     {},
    Month =     {},
    YEAR =      {},
    Note =      {},
    summary =   {}
    }
@BOOK{
    key,
    AUTHOR =    {},
    editor =    {},
    TITLE =     {},
    Volume =    {},
    Edition =   {},
    Series =    {},
    PUBLISHER = {},
    Address =   {},
    Month =     {},
    YEAR =      {},
    Note =      {},
    summary =   {}
    }
@INCOLLECTION{
    key,
    AUTHOR =    {},
    TITLE =     {},
    Chapter =   {},
    Pages =     {},
    BOOKTITLE =     {},
    Editor =    {},
    volume =    {},
    edition =   {},
    series =    {},
    PUBLISHER = {},
    Address =   {},
    Month =     {},
    YEAR =      {},
    Note =      {},
    summary =   {}
    }
@INPROCEEDINGS{
    key,
    AUTHOR =    {},
    TITLE =     {},
    Pages =     {},
    Organization =  {},
    BOOKTITLE =     {},
    Editor =    {},
    volume =    {},
    edition =   {},
    series =    {},
    Publisher = {},
    Address =   {},
    Month =     {},
    YEAR =      {},
    Note =      {},
    summary =   {}
    }
@MASTERSTHESIS{
    key,
    AUTHOR =    {},
    TITLE =     {},
    SCHOOL =    {},
    Address =   {},
    Month =     {},
    YEAR =      {},
    Note =      {},
    summary =   {}
    }
@PHDTHESIS{
    key,
    AUTHOR =    {},
    TITLE =     {},
    SCHOOL =    {},
    Address =   {},
    Month =     {},
    YEAR =      {},
    Note =      {},
    summary =   {}
    }
@TECHREPORT{
    key,
    AUTHOR =    {},
    TITLE =     {},
    Type =      {},
    Number =    {},
    INSTITUTION =   {},
    Address =   {},
    Month =     {},
    YEAR =      {},
    Note =      {},
    summary =   {}
    }
@UNPUBLISHED{
    key,
    AUTHOR =    {},
    TITLE =     {},
    Month =     {},
    Year =      {},
    NOTE =      {},
    summary =   {}
    }
%Rohan Added
@misc{haproxy-cost:web,
title = {HAProxy cost},
note = {\url{http://harish11g.blogspot.com/2012/11/amazon-elb-vs-haproxy-ec2-analysis.html}}
}

@misc{aws-nat:web,
title = {AWS NAT service},
note = {\url{http://docs.aws.amazon.com/AmazonVPC/latest/UserGuide/VPC_NAT_Instance.html}}
}

@misc{azure-security:web,
title = {Azure security},
url = {http://azure.microsoft.com/en-us/support/trust-center/security/}
}

@misc{azure:web,
title = {Microsoft Azure},
note = {http://azure.microsoft.com},
url = {http://azure.microsoft.com}
}

@misc{tez:web,
title = {Apache Tez},
note = {http://tez.apache.org},
url = {http://tez.apache.org}
}

@misc{web:outage,
title = {Datacenter power outage},
note = {\url{http://www.datacenterknowledge.com/archives/2012/07/10/power-outage-hits-london-data-center/}}
}

@misc{baracuda:web,
title = {Barracuda LB},
note = {\url{https://techlib.barracuda.com/display/blbv42/3539006}}
}

@misc{ssl:web,
title = {SSL},
note = {\url{http://en.wikipedia.org/wiki/Transport_Layer_Security}}
}

@misc{iptables:web,
title = {Linux iptables and nfqueue},
note = {\url{http://www.iptables.info/en/iptables-targets-and-jumps.html}}
}

@misc{web:qualys,
title = {Qualys inc},
note = {\url{https://www.qualys.com}}
}

@misc{web:xforward,
title = {X-Forwarded-For},
note = {\url{http://en.wikipedia.org/wiki/X-Forwarded-For}}
}

@misc{web:aryaka,
title = {Aryaka networks},
note = {\url{https://http://www.aryaka.com/}}
}

@misc{web:lb:google,
title = {Google Compute Engine LB},
note = {\url{https://cloud.google.com/compute/docs/load-balancing/#http_load_balancing}}
}

@misc{web:cloud:google,
title = {Google cloud platform},
note = {\url{http://cloud.google.com}}
}

@misc{web:cloud:aws,
title = {Amazon web services},
note = {\url{http://aws.amazon.com}}
}

@misc{web:lb:ms,
title = {Microsoft Azure L4 LB},
note = {\url{http://msdn.microsoft.com/en-us/library/azure/dn655058.aspx}}
}

@misc{web:lb:aws,
title = {Amazon Elastic L4 LB},
note = {\url{http://aws.amazon.com/elasticloadbalancing/}}
}

@misc{web:haproxy:httppipe,
title = {HAProxy HTTP pipelining},
note = {\url{www.haproxy.org/download/1.4/doc/configuration.txt}}
}

@misc{web:timeout:httpc,
title = {HttpWebRequest timeout},
note = {\url{http://msdn.microsoft.com/en-us/library/system.net.httpwebrequest.timeout}}
}

@misc{web:timeout:firefox,
title = {Firefox HTTP timeout},
note = {\url{https://support.mozilla.org/en-US/questions/998088}}
}

@misc{f5:web,
title = {F5 Load balancer},
note = {\url{http://www.f5.com}}
}


@misc{elb:web,
title = {Elastic Load Balancer},
note = {\url{http://aws.amazon.com/elasticloadbalancing/}}
}

@misc{a10:web,
title = {A10 Networks AX Series},
note = {\url{http://www.a10networks.com}}
}

@misc{netscalar:web,
title = {NetScalar VPX Virtual Appliance},
note = {\url{http://www.citrix.com}}
}

@misc{embrane:web,
title = {Embrane},
note = {\url{http://www.embrane.com}}
}

@misc{halb:web,
title = {HA Proxy Load Balancer},
note = {\url{http://haproxy.1wt.eu}}
}

@misc{lbva:web,
title = {LoadBalancer.org Virtual Appliance},
note = {\url{http://www.load-balancer.org}}
}


@misc{ripl:web,
title = {FatTree Routing using OpenFlow},
note = {\url{https://github.com/brandonheller/ripl}}
}


@misc{smarthash:web,
title = {Broadcom Smart Hashing},
note = {\url{http://http://www.broadcom.com/collateral/wp/StrataXGS_SmartSwitch-WP200-R.pdf}}
}
@misc{openvswitch:web,
title = {Open vSwitch},
note = {\url{http://www.openvswitch.org}}
}

@misc{cplex:web,
title = {IBM CPLEX LP Solver},
note = {\url{http://www-01.ibm.com/software/commerce/optimization/cplex-optimizer/}}
}


@misc{tumblr:web,
title = {Tumblr architecture},
note = {\url{http://highscalability.com/blog/2012/2/13/tumblr-architecture-15-billion-page-views-a-month-and-harder.html}}
}

@misc{spark:web,
title = {Apache Spark},
note = {http://spark.apache.org},
url = {http://spark.apache.org}
}

@misc{hive:web,
title = {Apache Hive},
note = {http://hive.apache.org}
}

@misc{hadoop:web,
title = {Apache Hadoop},
note = {http://hadoop.apache.org},
url = {http://hadoop.apache.org}
}

@misc{mcd:web,
title = {Memcached key-value store},
note = {\url{memcached.org}}
}

@misc{yarnCapacity:web,
title = {Yarn Capacity Scheduler},
note = {https://hadoop.apache.org/docs/current/hadoop-yarn/hadoop-yarn-site/CapacityScheduler.html},
url = {https://hadoop.apache.org/docs/current/hadoop-yarn/hadoop-yarn-site/CapacityScheduler.html}
}

@misc{yarn:web,
title = {Apache Hadoop Yarn},
note = {https://hadoop.apache.org/docs/current/hadoop-yarn/hadoop-yarn-site/YARN.html},
url = {https://hadoop.apache.org/docs/current/hadoop-yarn/hadoop-yarn-site/YARN.html}
}

@misc{fbtrace:web,
title = {CoFlow trace from Facebook datacenter},
note = {https://github.com/coflow/coflow-benchmark},
url = {https://github.com/coflow/coflow-benchmark}
}


@misc{aalosim:web,
title = {Open-sourced Aalo Simulator},
note = {https://github.com/coflow/coflowsim},
url = {https://github.com/coflow/coflowsim}
}

@misc{rr:web,
title = {Round robin scheduler},
note = {\url{https://en.wikipedia.org/wiki/Round-robin_scheduling}}
}

%%%%%%%%%% parallel processing %%%%%%%%%%%%%%%%%%%%%

@inproceedings{cmpproc:soda98,
author = {Schwiegelshohn, Uwe and Yahyapour, Ramin},
 title = {Analysis of First-come-first-serve Parallel Job Scheduling},
  booktitle = {Proceedings of the Ninth Annual ACM-SIAM Symposium on Discrete Algorithms},
   series = {SODA '98},
    year = {1998},
     isbn = {0-89871-410-9},
      location = {San Francisco, California, USA},
       pages = {629--638},
        numpages = {10},
	 url = {http://dl.acm.org/citation.cfm?id=314613.315031},
	  acmid = {315031},
	   publisher = {Society for Industrial and Applied Mathematics},
	    address = {Philadelphia, PA, USA},
} 

@inproceedings{cmpproc:ipps95,
author = {Lifka, David A.},
 title = {The ANL/IBM SP Scheduling System},
  booktitle = {Proceedings of the Workshop on Job Scheduling Strategies for Parallel Processing},
   series = {IPPS '95},
    year = {1995},
     isbn = {3-540-60153-8},
      pages = {295--303},
       numpages = {9},
        url = {http://dl.acm.org/citation.cfm?id=646376.689366},
	 acmid = {689366},
	  publisher = {Springer-Verlag},
	   address = {London, UK, UK},
}

@inproceedings{cmpproc:pp05,
author = {Feitelson, Dror G. and Jette, Morris A.},
        title = {Improved Utilization and Responsiveness with Gang Scheduling},
	 booktitle = {Proceedings of the Job Scheduling Strategies for Parallel Processing},
	  series = {IPPS '97},
	   year = {1997},
	    isbn = {3-540-63574-2},
	     pages = {238--261},
	      numpages = {24},
	       url = {http://dl.acm.org/citation.cfm?id=646378.689518},
	        acmid = {689518},
		 publisher = {Springer-Verlag},
		  address = {London, UK, UK},
		  } 


%%%%%%%%%% parallel processing end %%%%%%%%%%%%%%%%%%%%%

@inproceedings{late:osdi08,
author = {Zaharia, Matei and Konwinski, Andy and Joseph, Anthony D. and Katz, Randy and Stoica, Ion},
title = {Improving MapReduce Performance in Heterogeneous Environments},
booktitle = {Proceedings of the 8th USENIX Conference on Operating Systems Design and Implementation},
series = {OSDI'08},
    year = {2008},
     location = {San Diego, California},
      pages = {29--42},
       numpages = {14},
        url = {http://dl.acm.org/citation.cfm?id=1855741.1855744},
	 acmid = {1855744},
	  publisher = {USENIX Association},
	   address = {Berkeley, CA, USA},
}

@inproceedings{dolly:nsdi13,
author = {Ananthanarayanan, Ganesh and Ghodsi, Ali and Shenker, Scott and Stoica, Ion},
title = {Effective Straggler Mitigation: Attack of the Clones},
booktitle = {Proceedings of the 10th USENIX Conference on Networked Systems Design and Implementation},
series = {nsdi'13},
year = {2013},
location = {Lombard, IL},
pages = {185--198},
numpages = {14},
url = {http://dl.acm.org/citation.cfm?id=2482626.2482645},
acmid = {2482645},
publisher = {USENIX Association},
address = {Berkeley, CA, USA},
}


@inproceedings{sinbad:sigcomm13,
	 author = {Chowdhury, Mosharaf and Kandula, Srikanth and Stoica, Ion},
	  title = {Leveraging Endpoint Flexibility in Data-intensive Clusters},
	   booktitle = {Proceedings of the ACM SIGCOMM 2013 Conference on SIGCOMM},
	    series = {SIGCOMM '13},
	     year = {2013},
	      isbn = {978-1-4503-2056-6},
	       location = {Hong Kong, China},
	        pages = {231--242},
		 numpages = {12},
		  url = {http://doi.acm.org/10.1145/2486001.2486021},
		   doi = {10.1145/2486001.2486021},
		    acmid = {2486021},
		     publisher = {ACM},
		      address = {New York, NY, USA},
		       keywords = {cluster file systems, constrained anycast, data-intensive applications, datacenter networks, replica placement},
}

@inproceedings{scarlett:eurosys11,
author = {Ananthanarayanan, Ganesh and Agarwal, Sameer and Kandula, Srikanth and Greenberg, Albert and Stoica, Ion and Harlan, Duke and Harris, Ed},
title = {Scarlett: Coping with Skewed Content Popularity in Mapreduce Clusters},
booktitle = {Proceedings of the Sixth Conference on Computer Systems},
series = {EuroSys '11},
year = {2011},
isbn = {978-1-4503-0634-8},
location = {Salzburg, Austria},
pages = {287--300},
numpages = {14},
url = {http://doi.acm.org/10.1145/1966445.1966472},
doi = {10.1145/1966445.1966472},
acmid = {1966472},
publisher = {ACM},
address = {New York, NY, USA},
keywords = {data locality, datacenter storage, fairness, replication},
}

@inproceedings{delay:eurosys10,
author = {Zaharia, Matei and Borthakur, Dhruba and Sen Sarma, Joydeep and Elmeleegy, Khaled and Shenker, Scott and Stoica, Ion},
 title = {Delay Scheduling: A Simple Technique for Achieving Locality and Fairness in Cluster Scheduling},
  booktitle = {Proceedings of the 5th European Conference on Computer Systems},
   series = {EuroSys '10},
    year = {2010},
     isbn = {978-1-60558-577-2},
      location = {Paris, France},
       pages = {265--278},
        numpages = {14},
	 url = {http://doi.acm.org/10.1145/1755913.1755940},
	  doi = {10.1145/1755913.1755940},
	   acmid = {1755940},
	    publisher = {ACM},
	     address = {New York, NY, USA},
	      keywords = {cluster computing, fair sharing, mapreduce, scheduling},
}

@inproceedings{microte:conext11,
author = {Benson, Theophilus and Anand, Ashok and Akella, Aditya and Zhang, Ming},
title = {MicroTE: Fine Grained Traffic Engineering for Data Centers},
booktitle = {Proceedings of the Seventh COnference on Emerging Networking EXperiments and Technologies},
series = {CoNEXT '11},
year = {2011},
isbn = {978-1-4503-1041-3},
location = {Tokyo, Japan},
pages = {8:1--8:12},
articleno = {8},
numpages = {12},
url = {http://doi.acm.org/10.1145/2079296.2079304},
doi = {10.1145/2079296.2079304},
acmid = {2079304},
publisher = {ACM},
address = {New York, NY, USA},
keywords = {data center network, traffic engineering},
} 

@inproceedings{hedera:nsdi10,
author = {Al-Fares, Mohammad and Radhakrishnan, Sivasankar and Raghavan, Barath and Huang, Nelson and Vahdat, Amin},
title = {Hedera: Dynamic Flow Scheduling for Data Center Networks},
booktitle = {Proceedings of the 7th USENIX Conference on Networked Systems Design and Implementation},
series = {NSDI'10},
year = {2010},
location = {San Jose, California},
pages = {19--19},
numpages = {1},
url = {http://dl.acm.org/citation.cfm?id=1855711.1855730},
acmid = {1855730},
publisher = {USENIX Association},
address = {Berkeley, CA, USA}
}

@inproceedings{allnone:epfl:tech16,
 author = {Vitorovic, Aleksandar and Elseidy, Mohammed and Guliyev, Khayyam and others},
 title = {Squall: Scalable Real-time Analytics},
 booktitle = {EPFL Technical report, EPFL-REPORT-217286},
 year = {2016},
}

@article{pdq:sigcomm12,
author = {Hong, Chi-Yao and Caesar, Matthew and Godfrey, P. Brighten},
        title = {Finishing Flows Quickly with Preemptive Scheduling},
	 booktitle = {Proceedings of the ACM SIGCOMM 2012 Conference on Applications, Technologies, Architectures, and Protocols for Computer Communication},
	  series = {SIGCOMM '12},
	   year = {2012},
	    isbn = {978-1-4503-1419-0},
	     location = {Helsinki, Finland},
	      pages = {127--138},
	       numpages = {12},
	        url = {http://doi.acm.org/10.1145/2342356.2342389},
		 doi = {10.1145/2342356.2342389},
		  acmid = {2342389},
		   publisher = {ACM},
		    address = {New York, NY, USA},
		     keywords = {data center, deadline, flow scheduling},
		     }

@inproceedings{pfabric:sigcomm13,
author = {Alizadeh, Mohammad and Yang, Shuang and Sharif, Milad and Katti, Sachin and McKeown, Nick and Prabhakar, Balaji and Shenker, Scott},
 title = {pFabric: Minimal Near-optimal Datacenter Transport},
  booktitle = {Proceedings of the ACM SIGCOMM 2013 Conference on SIGCOMM},
   series = {SIGCOMM '13},
    year = {2013},
     isbn = {978-1-4503-2056-6},
      location = {Hong Kong, China},
       pages = {435--446},
        numpages = {12},
	 url = {http://doi.acm.org/10.1145/2486001.2486031},
	  doi = {10.1145/2486001.2486031},
	   acmid = {2486031},
	    publisher = {ACM},
	     address = {New York, NY, USA},
	      keywords = {datacenter network, flow scheduling, packet transport},
}

@article{dblp:corr,
  author    = {Robert Grandl and
               Srikanth Kandula and
               Sriram Rao and
               Aditya Akella and
               Janardhan Kulkarni},
  title     = {Do the Hard Stuff First: Scheduling Dependent Computations in Data-Analytics
               Clusters},
  journal   = {CoRR},
  volume    = {abs/1604.07371},
  year      = {2016},
  url       = {http://arxiv.org/abs/1604.07371},
}

@inproceedings{pias:hotnets14,
author = {Bai, Wei and Chen, Li and Chen, Kai and Han, Dongsu and Tian, Chen and Sun, Weicheng},
 title = {PIAS: Practical Information-Agnostic Flow Scheduling for Data Center Networks},
  booktitle = {Proceedings of the 13th ACM Workshop on Hot Topics in Networks},
   series = {HotNets-XIII},
    year = {2014},
     isbn = {978-1-4503-3256-9},
      location = {Los Angeles, CA, USA},
       pages = {25:1--25:7},
        articleno = {25},
	 numpages = {7},
	  url = {http://doi.acm.org/10.1145/2670518.2673871},
	   doi = {10.1145/2670518.2673871},
	    acmid = {2673871},
	     publisher = {ACM},
	      address = {New York, NY, USA},
	       keywords = {Data Center Networks, Flow Scheduling, TCP},
}

@inproceedings {pias:nsdi15,
author = {Wei Bai and Li Chen and Kai Chen and Dongsu Han and Chen Tian and Hao Wang},
title = {Information-Agnostic Flow Scheduling for Commodity Data Centers},
booktitle = {12th {USENIX} Symposium on Networked Systems Design and Implementation ({NSDI} 15)},
year = {2015},
isbn = {978-1-931971-218},
address = {Oakland, CA},
pages = {455--468},
url = {https://www.usenix.org/conference/nsdi15/technical-sessions/presentation/bai},
publisher = {{USENIX} Association},
}

@inproceedings{fastpass:sigcomm14,
	 author = {Perry, Jonathan and Ousterhout, Amy and Balakrishnan, Hari and Shah, Devavrat and Fugal, Hans},
	  title = {Fastpass: A Centralized "Zero-queue" Datacenter Network},
	   booktitle = {Proceedings of the 2014 ACM Conference on SIGCOMM},
	    series = {SIGCOMM '14},
	     year = {2014},
	      isbn = {978-1-4503-2836-4},
	       location = {Chicago, Illinois, USA},
	        pages = {307--318},
		 numpages = {12},
		  url = {http://doi.acm.org/10.1145/2619239.2626309},
		   doi = {10.1145/2619239.2626309},
		    acmid = {2626309},
		     publisher = {ACM},
		      address = {New York, NY, USA},
		       keywords = {arbiter, centralized, data plane, datacenter, high throughput, low latency, scheduling, zero-queue},
		       }

@INPROCEEDINGS{allnone:hipc13,
author={S. Gupta and V. Chandramouli and S. Chakrabarti},
title={Web-scale entity annotation using MapReduce},
booktitle={High Performance Computing},
year={2013},
}

@inproceedings{keller:conext09,
 author = {Keller, Eric and Yu, Minlan and Caesar, Matthew and Rexford, Jennifer},
 title = {Virtually Eliminating Router Bugs},
 booktitle = {CoNEXT},
 year = {2009},
}

@inproceedings{keller:conext09,
 author = {Keller, Eric and Yu, Minlan and Caesar, Matthew and Rexford, Jennifer},
 title = {Virtually Eliminating Router Bugs},
 booktitle = {CoNEXT},
 year = {2009},
}

@inproceedings{keller:nsdi10,
 author = {Keller, Eric and Rexford, Jennifer and Van Der Merwe, Jacobus},
 title = {Seamless BGP Migration with Router Grafting},
 booktitle = {NSDI},
 year = {2010}
}

@inproceedings{orchestra:sigcomm11,
	 author = {Chowdhury, Mosharaf and Zaharia, Matei and Ma, Justin and Jordan, Michael I. and Stoica, Ion},
	  title = {Managing Data Transfers in Computer Clusters with Orchestra},
	   booktitle = {Proceedings of the ACM SIGCOMM 2011 Conference},
	    series = {SIGCOMM '11},
	     year = {2011},
	      isbn = {978-1-4503-0797-0},
	       location = {Toronto, Ontario, Canada},
	        pages = {98--109},
		 numpages = {12},
		  url = {http://doi.acm.org/10.1145/2018436.2018448},
		   doi = {10.1145/2018436.2018448},
		    acmid = {2018448},
		     publisher = {ACM},
		      address = {New York, NY, USA},
		       keywords = {data transfer, data-intensive applications, datacenter networks},
}

@inproceedings{coflow:hotnets12,
	 author = {Chowdhury, Mosharaf and Stoica, Ion},
	  title = {Coflow: A Networking Abstraction for Cluster Applications},
	   booktitle = {Proceedings of the 11th ACM Workshop on Hot Topics in Networks},
	    series = {HotNets-XI},
	     year = {2012},
	      isbn = {978-1-4503-1776-4},
	       location = {Redmond, Washington},
	        pages = {31--36},
		 numpages = {6},
		  url = {http://doi.acm.org/10.1145/2390231.2390237},
		   doi = {10.1145/2390231.2390237},
		    acmid = {2390237},
		     publisher = {ACM},
		      address = {New York, NY, USA},
		       keywords = {cloud computing, cluster networking, coflow, data-intensive applications, datacenter networks},
} 


@inproceedings{varys:sigcomm14,
author = {Chowdhury, Mosharaf and Zhong, Yuan and Stoica, Ion},
title = {Efficient Coflow Scheduling with Varys},
booktitle = {Proceedings of the 2014 ACM Conference on SIGCOMM},
series = {SIGCOMM '14},
year = {2014},
isbn = {978-1-4503-2836-4},
location = {Chicago, Illinois, USA},
pages = {443--454},
numpages = {12},
url = {http://doi.acm.org/10.1145/2619239.2626315},
doi = {10.1145/2619239.2626315},
acmid = {2626315},
publisher = {ACM},
address = {New York, NY, USA},
keywords = {coflow, data-intensive applications, datacenter networks},
}


@inproceedings{cedar:euro16,
 author = {Kumar, Gautam and Ananthanarayanan, Ganesh and Ratnasamy, Sylvia and Stoica, Ion},
 title = {Hold 'Em or Fold 'Em?: Aggregation Queries Under Performance Variations},
 booktitle = {EuroSys},
 year = {2016},
}

@inproceedings{aalo:sigcomm15,
 author = {Chowdhury, Mosharaf and Stoica, Ion},
 title = {Efficient Coflow Scheduling Without Prior Knowledge},
 booktitle = {Proceedings of the 2015 ACM Conference on Special Interest Group on Data Communication},
 series = {SIGCOMM '15},
 year = {2015},
 isbn = {978-1-4503-3542-3},
 location = {London, United Kingdom},
 pages = {393--406},
 numpages = {14},
 url = {http://doi.acm.org/10.1145/2785956.2787480},
 doi = {10.1145/2785956.2787480},
 acmid = {2787480},
 publisher = {ACM},
 address = {New York, NY, USA},
 keywords = {coflow, data-intensive applications, datacenter networks},
}

@inproceedings{sincronia:sigcomm18,
	author = {Agarwal, Saksham and Rajakrishnan, Shijin and Narayan, Akshay and Agarwal, Rachit and Shmoys, David and Vahdat, Amin},
	title = {Sincronia: Near-optimal Network Design for Coflows},
	booktitle = {Proceedings of the 2018 Conference of the ACM Special Interest Group on Data Communication},
	series = {SIGCOMM '18},
	year = {2018},
	isbn = {978-1-4503-5567-4},
	location = {Budapest, Hungary},
	pages = {16--29},
	numpages = {14},
	url = {http://doi.acm.org/10.1145/3230543.3230569},
	doi = {10.1145/3230543.3230569},
	acmid = {3230569},
	publisher = {ACM},
	address = {New York, NY, USA},
	keywords = {approximation algorithms, coflow, datacenter networks},
}


@inproceedings{pacman:nsdi12,
 author = {Ananthanarayanan, Ganesh and Ghodsi, Ali and Wang, Andrew and Borthakur, Dhruba and Kandula, Srikanth and Shenker, Scott and Stoica, Ion},
 title = {PACMan: Coordinated Memory Caching for Parallel Jobs},
 booktitle = {NSDI'12},
 year = {2012},
}


@inproceedings {graviton:hotcloud16,
	author = {Akshay Jajoo and Rohan Gandhi and Y. Charlie Hu},
	title = {Graviton: Twisting Space and Time to Speed-up CoFlows},
	booktitle = {8th {USENIX} Workshop on Hot Topics in Cloud Computing (HotCloud 16)},
	year = {2016},
	address = {Denver, CO},
	url = {https://www.usenix.org/conference/hotcloud16/workshop-program/presentation/jajoo},
	publisher = {{USENIX} Association},
} 

@inproceedings{proteus:sigcomm12,
 author = {Xie, Di and Ding, Ning and Hu, Y. Charlie and Kompella, Ramana},
 title = {The Only Constant is Change: Incorporating Time-varying Network Reservations in Data Centers},
 booktitle = {ACM SIGCOMM},
 year = {2012},
}

@inproceedings{baraat:sigcomm14,
author = {Dogar, Fahad R. and Karagiannis, Thomas and Ballani, Hitesh and Rowstron, Antony},
title = {Decentralized Task-aware Scheduling for Data Center Networks},
booktitle = {Proceedings of the 2014 ACM Conference on SIGCOMM},
series = {SIGCOMM '14},
year = {2014},
isbn = {978-1-4503-2836-4},
location = {Chicago, Illinois, USA},
pages = {431--442},
numpages = {12},
url = {http://doi.acm.org/10.1145/2619239.2626322},
doi = {10.1145/2619239.2626322},
acmid = {2626322},
publisher = {ACM},
address = {New York, NY, USA},
keywords = {datacenter, response time, scheduling, transport},
}

@inproceedings{slb:sigcomm13,
 author = {Patel, Parveen and others},
 title = {Ananta: Cloud Scale Load Balancing},
 booktitle = {ACM SIGCOMM},
 year = {2013}
}

% author = {Moshref, Masoud and others},
@inproceedings{vcrib:nsdi13,
author = {Moshref, Masoud and Yu, Minlan and Sharma, Abhishek and Govindan, Ramesh},
 title = {Scalable rule management for data centers},
 booktitle = {NSDI},
 year = {2013}
}

@inproceedings{difane:sigcomm10,
 author = {Yu, Minlan and Rexford, Jennifer and Freedman, Michael J. and Wang, Jia},
 title = {Scalable flow-based networking with DIFANE},
 booktitle = {ACM SIGCOMM},
 year = {2010}
}

@article{openflow:sigcomm08,
 author = {McKeown, Nick and Anderson, Tom and Balakrishnan, Hari and Parulkar, Guru and Peterson, Larry and Rexford, Jennifer and Shenker, Scott and Turner, Jonathan},
 title = {OpenFlow: Enabling Innovation in Campus Networks},
 journal = {SIGCOMM Comput. Commun. Rev.},
} 

@article{kwiken:sigcomm13,
 author = {Jalaparti, Virajith and Bodik, Peter and Kandula, Srikanth and Menache, Ishai and Rybalkin, Mikhail and Yan, Chenyu},
 title = {Speeding up Distributed Request-Response Workflows},
 journal = {ACM SIGCOMM},
 year={2013}
} 

@inproceedings{loadbalancer:hotice11,
  title={OpenFlow-based server load balancing gone wild},
  author={Wang, Richard and Butnariu, Dana and Rexford, Jennifer},
  booktitle={USENIX HotICE},
  year={2011},
}

@article{plugplay:sigcomm09,
  title={Plug-n-Serve: Load-balancing web traffic using OpenFlow},
  author={Handigol, Nikhil and Seetharaman, Srinivasan and Flajslik, Mario and McKeown, Nick and Johari, Ramesh},
  journal={ACM SIGCOMM Demo},
  year={2009}
}

@inproceedings{dataplane:nsdi13,
  title={Ensuring connectivity via data plane mechanisms},
  author={Liu, Junda and Panda, Aurojit and Singla, Ankit and Godfrey, Brighten and Schapira, Michael and Shenker, Scott},
  booktitle={Symposium on Networked Systems Design and Implementation (NSDI)},
  year={2013}
}


@inproceedings{drf:nsdi11,
	 author = {Ghodsi, Ali and Zaharia, Matei and Hindman, Benjamin and Konwinski, Andy and Shenker, Scott and Stoica, Ion},
	  title = {Dominant Resource Fairness: Fair Allocation of Multiple Resource Types},
	   booktitle = {Proceedings of the 8th USENIX Conference on Networked Systems Design and Implementation},
	    series = {NSDI'11},
	     year = {2011},
	      location = {Boston, MA},
	       pages = {323--336},
	        numpages = {14},
		 url = {http://dl.acm.org/citation.cfm?id=1972457.1972490},
		  acmid = {1972490},
		   publisher = {USENIX Association},
		    address = {Berkeley, CA, USA},
}

@inproceedings{paratimer:sigmod2010,
 author = {Morton, Kristi and Balazinska, Magdalena and Grossman, Dan},
 title = {ParaTimer: A Progress Indicator for MapReduce DAGs},
 booktitle = {Proceedings of the 2010 ACM SIGMOD International Conference on Management of Data},
 series = {SIGMOD '10},
 year = {2010},
 isbn = {978-1-4503-0032-2},
 location = {Indianapolis, Indiana, USA},
 pages = {507--518},
 numpages = {12},
 url = {http://doi.acm.org/10.1145/1807167.1807223},
 doi = {10.1145/1807167.1807223},
 acmid = {1807223},
 publisher = {ACM},
 address = {New York, NY, USA},
 keywords = {mapreduce, parallel database, progress estimation},
}

@inproceedings{bodik:sigcomm12,
 author = {Bod\'{\i}k, Peter and Menache, Ishai and Chowdhury, Mosharaf and Mani, Pradeepkumar and Maltz, David A. and Stoica, Ion},
 title = {Surviving Failures in Bandwidth-constrained Datacenters},
 Booktitle = {SIGCOMM, 2012},
} 

@inproceedings{routebrick:sosp09,
 author = {Dobrescu, Mihai and Egi, Norbert and Argyraki, Katerina and Chun, Byung-Gon and Fall, Kevin and Iannaccone, Gianluca and Knies, Allan and Manesh, Maziar and Ratnasamy, Sylvia},
 title = {RouteBricks: Exploiting Parallelism to Scale Software Routers},
 Booktitle = {SOSP, 2009},
} 

@inproceedings{simple:sekar:sigomm13,
  title={SIMPLE-fying Middlebox Policy Enforcement Using SDN},
  author={Qazi, Zafar Ayyub and Tu, Cheng-Chun and Chiang, Luis and Miao, Rui and Sekar, Vyas and Yu, Minlan},
  Booktitle = {SIGCOMM, 2013},
}

@article{flowtags:hotsdn13,
  title={FlowTags: Enforcing Network-Wide Policies in the Presence of Dynamic Middlebox Actions},
  author={Fayazbakhsh, S and Sekar, Vyas and Yu, Minlan and Mogul, J},
  journal={Proc. HotSDN},
  year={2013}
}

@inproceedings{netwiser:sigcomm11,
  title={Understanding network failures in data centers: measurement, analysis, and implications},
  author={Gill, Phillipa and Jain, Navendu and Nagappan, Nachiappan},
  booktitle={ACM SIGCOMM CCR, 2011}
}

@article{netpilot:sigcomm12,
  title={NetPilot: automating datacenter network failure mitigation},
  author={Wu, Xin and Turner, Daniel and Chen, Chao-Chih and Maltz, David A and Yang, Xiaowei and Yuan, Lihua and Zhang, Ming},
  journal={ACM SIGCOMM CCR, 2012},
}

@misc{james-hamilton-cost-of-latency,
        Author = {James Hamilton},
        Howpublished = {\url{http://perspectives.mvdirona.com/2009/10/31/TheCostOfLatency.aspx}},
        Title = {The Cost of Latency}}

@inproceedings{dctcp,
	Author = "Alizadeh, Mohammad and Greenberg, Albert and Maltz, David A. and Padhye, Jitendra and Patel, Parveen and Prabhakar, Balaji and Sengupta, Sudipta and Sridharan, Murari",
	Booktitle = {ACM SIGCOMM},
	Title = "{Data center TCP (DCTCP)}",
	Year = {2010},
}

@inproceedings{timecard,
    author = "L. Ravindranath and J. Padhye and R. Mahajan and H. Balakrishnan",
    title = "{Timecard: Controlling User-Perceieved Delays in Server-based Mobile Applications}",
    booktitle = "{SOSP}",
    year = 2013
}

@inproceedings{seda:sosp01,
 author = {Welsh, Matt and Culler, David and Brewer, Eric},
 title = {SEDA: An Architecture for Well-conditioned, Scalable Internet Services},
 booktitle = {Proceedings of the Eighteenth ACM Symposium on Operating Systems Principles},
 series = {SOSP '01},
 numpages = {14},
} 

@inproceedings{cuckooswitch:conext13,
  title={Scalable, high performance ethernet forwarding with CuckooSwitch},
  author={Zhou, Dong and Fan, Bin and Lim, Hyeontaek and Kaminsky, Michael and Andersen, David G},
  booktitle={CoNext, 2013},
}

@inproceedings{mica:nsdi14,
  title={MICA: A Holistic Approach to Fast In-Memory Key-Value Storage},
  author={Lim, Hyeontaek and Han, Dongsu and Andersen, David G and Kaminsky, Michael},
  booktitle={NSDI'14},
}

@inproceedings{binpack:soda99,
 author = {Chekuri, Chandra and Khanna, Sanjeev},
 title = {On Multi-dimensional Packing Problems},
 Booktitle = {SODA, 1999},
} 

@inproceedings{chowdhary:sigcomm13,
	 author = {Chowdhury, Mosharaf and Kandula, Srikanth and Stoica, Ion},
	  title = {Leveraging Endpoint Flexibility in Data-intensive Clusters},
	   booktitle = {Proceedings of the ACM SIGCOMM 2013 Conference on SIGCOMM},
	    series = {SIGCOMM '13},
	     year = {2013},
	      isbn = {978-1-4503-2056-6},
	       location = {Hong Kong, China},
	        pages = {231--242},
		 numpages = {12},
		  url = {http://doi.acm.org/10.1145/2486001.2486021},
		   doi = {10.1145/2486001.2486021},
		    acmid = {2486021},
		     publisher = {ACM},
		      address = {New York, NY, USA},
		       keywords = {cluster file systems, constrained anycast, data-intensive applications, datacenter networks, replica placement},
}

@inproceedings{oasis:nsdi06,
  title={OASIS: Anycast for Any Service.},
  author={Freedman, Michael J and Lakshminarayanan, Karthik and Mazi{\`e}res, David},
  booktitle={NSDI 2006},
}


@inproceedings{duet:sigcomm14,
 author = {Gandhi, Rohan and Liu, Hongqiang and Hu, Y. Charlie and Lu, Guohan and Padhye, Jitendra and Yuan, Lihua and Zhang, Ming},
 title = {Duet: Cloud Scale Load Balancing with Hardware and Software},
 Booktitle = {SIGCOMM 2014},
} 

@inproceedings{rubik:atc15,
  title={Rubik: unlocking the power of locality and end-point flexibility in cloud scale load balancing},
  author={Gandhi, Rohan and Liu, Hongqiang Harry and Hu, Y Charlie and
                  Koh, Cheng-Kok and Zhang, Ming},
  booktitle={USENIX ATC},
year={2015}
}


@inproceedings{pisces:osdi12,
author = {Shue, David and Freedman, Michael J. and Shaikh, Anees},
        title = {Performance Isolation and Fairness for Multi-tenant Cloud Storage},
	 booktitle = {Proceedings of the 10th USENIX Conference on Operating Systems Design and Implementation},
	  series = {OSDI'12},
	   year = {2012},
	    isbn = {978-1-931971-96-6},
	     location = {Hollywood, CA, USA},
	      pages = {349--362},
	       numpages = {14},
	        url = {http://dl.acm.org/citation.cfm?id=2387880.2387914},
		 acmid = {2387914},
		  publisher = {USENIX Association},
		   address = {Berkeley, CA, USA},
		   }

@inproceedings{pswitch:sigcomm08,
  title={A policy-aware switching layer for data centers},
  author={Joseph, Dilip A and Tavakoli, Arsalan and Stoica, Ion},
  booktitle={SIGCOMM CCR 2008},
}

@inproceedings{vl2:sigcomm09,
  title={VL2: a scalable and flexible data center network},
  author={Greenberg, Albert and Hamilton, James R and Jain, Navendu and Kandula, Srikanth and Kim, Changhoon and Lahiri, Parantap and Maltz, David A and Patel, Parveen and Sengupta, Sudipta},
  booktitle={SIGCOMM 2009}
}


@inproceedings{niagara:tech14,
  title={Niagara: Scalable Load Balancing on Commodity Switches},
  author={Kang, Nanci and Ghobadi, Monia and Reumann, John and Shraer, Alexander and Rexford, Jennifer},
  booktitle={Technical Report (TR-973-14), Princeton, 2014},
}

@inproceedings{niagara:conext15,
  title={Efficient Traffic Splitting on Commodity Switches},
  author={Kang, Nanci and Ghobadi, Monia and Reumann, John and Shraer, Alexander and Rexford, Jennifer},
  booktitle={CoNEXT, 2015},
}

@inproceedings{flowtag:nsdi14,
  title={Enforcing network-wide policies in the presence of dynamic middlebox actions using flowtags},
  author={Fayazbakhsh, Seyed Kaveh and Chiang, Luis and Sekar, Vyas and Yu, Minlan and Mogul, Jeffrey C},
  booktitle={NSDI 2014},
}

@inproceedings{dryadlinq:osdi08,
 author = {Yu, Yuan and Isard, Michael and Fetterly, Dennis and Budiu, Mihai and Erlingsson, \'{U}lfar and Gunda, Pradeep Kumar and Currey, Jon},
 title = {DryadLINQ: a system for general-purpose distributed data-parallel computing using a high-level language},
 booktitle = {OSDI 2008}
 } 

@inproceedings{mapreduce:osdi04,
author = {Dean, Jeffrey and Ghemawat, Sanjay},
title = {MapReduce: Simplified Data Processing on Large Clusters},
journal = {Commun. ACM},
volume = {51},
number = {1},
year = {2008},
month = jan,
issn = {0001-0782},
pages = {107--113},
numpages = {7},
url = {http://doi.acm.org/10.1145/1327452.1327492},
doi = {10.1145/1327452.1327492},
acmid = {1327492},
publisher = {ACM},
address = {New York, NY, USA},
}

@inproceedings{rasley2014planck,
  title={Planck: millisecond-scale monitoring and control for commodity networks},
  author={Rasley, Jeff and Stephens, Brent and Dixon, Colin and Rozner, Eric and Felter, Wes and Agarwal, Kanak and Carter, John and Fonseca, Rodrigo},
  booktitle={SIGCOMM 2014},
}

@article{ramcloud:comm11,
  title={The case for RAMCloud},
  author={Ousterhout, John and Agrawal, Parag and Erickson, David and Kozyrakis, Christos and Leverich, Jacob and Mazi{\`e}res, David and Mitra, Subhasish and Narayanan, Aravind and Ongaro, Diego and Parulkar, Guru and others},
  journal={Communications of the ACM, 2011},
}


@inproceedings{donar:sigcomm10,
 author = {Wendell, Patrick and Jiang, Joe Wenjie and Freedman, Michael J. and Rexford, Jennifer},
 title = {DONAR: Decentralized Server Selection for Cloud Services},
 booktitle = {SIGCOMM '10},
} 

@inproceedings{centrifuge:nsdi10,
  title={Centrifuge: Integrated lease management and partitioning for cloud services},
  author={Adya, Atul and Dunagan, John and Wolman, Alec},
  booktitle={NSDI 2010},
}

@inproceedings{ftmb:sigcomm15,
  title={Rollback-Recovery for Middleboxes},
  author={Sherry, Justine and Gao, Peter Xiang and Basu, Soumya and Panda, Aurojit and Krishnamurthy, Arvind and Maciocco, Christian and Manesh, Maziar and Martins, Jo{\~a}o and Ratnasamy, Sylvia and Rizzo, Luigi and others},
 booktitle = {SIGCOMM 2015},
}

@inproceedings{aplomb:sigcomm12,
 author = {Sherry, Justine and Hasan, Shaddi and Scott, Colin and Krishnamurthy, Arvind and Ratnasamy, Sylvia and Sekar, Vyas},
 title = {Making Middleboxes Someone else's Problem: Network Processing As a Cloud Service},
 booktitle = {SIGCOMM 2012},
} 

@inproceedings{akella:imc13,
 author = {He, Keqiang and Fisher, Alexis and Wang, Liang and Gember, Aaron and Akella, Aditya and Ristenpart, Thomas},
 title = {Next Stop, the Cloud: Understanding Modern Web Service Deployment in EC2 and Azure},
 booktitle = {IMC '13},
} 

@inproceedings{cully2008remus,
  title={Remus: High availability via asynchronous virtual machine replication},
  author={Cully, Brendan and Lefebvre, Geoffrey and Meyer, Dutch and Feeley, Mike and Hutchinson, Norm and Warfield, Andrew},
  booktitle={NSDI 2008},
}

@inproceedings{lard:asplos98,
 author = {Pai, Vivek S. and Aron, Mohit and Banga, Gaurov and Svendsen, Michael and Druschel, Peter and Zwaenepoel, Willy and Nahum, Erich},
 title = {Locality-aware Request Distribution in Cluster-based Network Servers},
 booktitle = {ASPLOS 1998},
} 

@inproceedings{lardp:usenix99,
  title={Efficient Support for P-HTTP in Cluster-Based Web Servers.},
  author={Aron, Mohit and Druschel, Peter and Zwaenepoel, Willy},
  booktitle={USENIX ATC, 1999},
}

@inproceedings{muse:sosp01,
 author = {Chase, Jeffrey S. and Anderson, Darrell C. and Thakar, Prachi N. and Vahdat, Amin M. and Doyle, Ronald P.},
 title = {Managing Energy and Server Resources in Hosting Centers},
 booktitle = {SOSP 2001},
} 


@article{tcpsplice:tech00,
 author = {Maltz, David A. and Bhagwat, Pravin},
 title = {TCP Splice Application Layer Proxy Performance},
 journal = {J. High Speed Netw.},
 year = {2000},
} 

@article{tcpforwarder:00,
 author = {Spatscheck, Oliver and Hansen, J{\o}rgen S. and Hartman, John H. and Peterson, Larry L.},
 title = {Optimizing TCP Forwarder Performance},
 journal = {IEEE/ACM Trans. Netw.},
 year = {2000},
} 

@inproceedings{tcpmigration:usits01,
 title = {Fine-Grained Failover using Connection Migration},
 author = {Snoeren, Alex C. and Anderson, David and Balakrishnan, Hari},
 booktitle = {USENIX Symposium on Internet Technologies and Systems, 2001},
} 

@inproceedings{mtcp:icdcs02,
  title={Migratory TCP: Highly available Internet services using connection migration},
  author={Sultan, Florin and Srinivasan, Kiran and Iyer, Deepa and Iftode, Liviu},
  booktitle={ICDCS 2002},
}

@inproceedings{msocks:infocom98,
  title={MSOCKS: An Architecture for Transport Layer Mobility},
  author={Maltz, David and Bhagwat, Pravin},
  booktitle={INFOCOM 1998},
}

@inproceedings{hostmobility:mobicom00,
  title={ An end-to-end approach to host mobility},
  author={Snoeren, Alex C. and Balakrishnan, Hari},
  booktitle={Mobicom 2000},
}

@inproceedings{navendu:sigcomm11,
 author = {Gill, Phillipa and Jain, Navendu and Nagappan, Nachiappan},
 title = {Understanding Network Failures in Data Centers: Measurement, Analysis, and Implications},
 booktitle = {SIGCOMM 2011},
} 

@inproceedings{trumpet:sigcomm16,
author = {Moshref, Masoud and Yu, Minlan and Govindan, Ramesh and Vahdat, Amin},
 title = {Trumpet: Timely and Precise Triggers in Data Centers},
  booktitle = {Proceedings of the 2016 ACM SIGCOMM Conference},
   series = {SIGCOMM '16},
    year = {2016},
     isbn = {978-1-4503-4193-6},
      location = {Florianopolis, Brazil},
       pages = {129--143},
        numpages = {15},
	 url = {http://doi.acm.org/10.1145/2934872.2934879},
	  doi = {10.1145/2934872.2934879},
	   acmid = {2934879},
	    publisher = {ACM},
	     address = {New York, NY, USA},
	      keywords = {End-host Monitoring, Network Event Monitoring},
} 

@inproceedings{coflow:spaa15,
  title={Minimizing the total weighted completion time of coflows in datacenter networks},
  author={Qiu, Zhen and Stein, Cliff and Zhong, Yuan},
 booktitle = {SPAA},
 year = 2015
}

@inproceedings{planWhenYouCan:sigcomm15,
 author = {Jalaparti, Virajith and Bodik, Peter and Menache, Ishai and Rao, Sriram and Makarychev, Konstantin and Caesar, Matthew},
 title = {Network-Aware Scheduling for Data-Parallel Jobs: Plan When You Can},
 booktitle = {Proceedings of the 2015 ACM Conference on Special Interest Group on Data Communication},
 series = {SIGCOMM '15},
 year = {2015},
 isbn = {978-1-4503-3542-3},
 location = {London, United Kingdom},
 pages = {407--420},
 numpages = {14},
 url = {http://doi.acm.org/10.1145/2785956.2787488},
 doi = {10.1145/2785956.2787488},
 acmid = {2787488},
 publisher = {ACM},
 address = {New York, NY, USA},
 keywords = {cluster schedulers, cross-layer optimization, data-intensive applications, joint data and compute placement},
}

@inproceedings{creditscheduling:sigcomm17,
 author = {Cho, Inho and Jang, Keon and Han, Dongsu},
 title = {Credit-Scheduled Delay-Bounded Congestion Control for Datacenters},
 booktitle = {Proceedings of the Conference of the ACM Special Interest Group on Data Communication},
 series = {SIGCOMM '17},
 year = {2017},
 isbn = {978-1-4503-4653-5},
 location = {Los Angeles, CA, USA},
 pages = {239--252},
 numpages = {14},
 url = {http://doi.acm.org/10.1145/3098822.3098840},
 doi = {10.1145/3098822.3098840},
 acmid = {3098840},
 publisher = {ACM},
 address = {New York, NY, USA},
 keywords = {Congestion Control, Credit-based, Datacenter Network},
} 


@inproceedings{spdy:conext13,
 author = {Erman, Jeffrey and Gopalakrishnan, Vijay and Jana, Rittwik and Ramakrishnan, K. K.},
 title = {Towards a SPDY'Ier Mobile Web?},
 booktitle = {CoNEXT 2013},
}

@inproceedings{proxy:srds06, 
author={Marwah, M. and Mishra, S. and Fetzer, C.}, 
booktitle={SRDS 2006}, 
title={Fault-tolerant and scalable TCP splice and web server architecture}, 
}

@inproceedings{trickles:nsdi05,
 author = {Shieh, Alan and Myers, Andrew C. and Sirer, Emin G\"{u}n},
 title = {Trickles: A Stateless Network Stack for Improved Scalability, Resilience, and Flexibility},
 booktitle = {NSDI 2005},
} 


@misc{comm:private,
title = {private communication with network operator in large OSP.},
}

%note = {\url{https://support.mozilla.org/en-US/questions/998088}}


@inproceedings{drfq:sigcomm12,
 author = {Ghodsi, Ali and Sekar, Vyas and Zaharia, Matei and Stoica, Ion},
 title = {Multi-resource Fair Queueing for Packet Processing},
 booktitle = {SIGCOMM 2012},
} 

@inproceedings{ffc:sigcomm14,
 author = {Liu, Hongqiang Harry and Kandula, Srikanth and Mahajan, Ratul and Zhang, Ming and Gelernter, David},
 title = {Traffic Engineering with Forward Fault Correction},
 booktitle = {SIGCOMM 2014},
} 

@inproceedings{zupdate:sigcomm13,
 author = {Liu, Hongqiang Harry and Wu, Xin and Zhang, Ming and Yuan, Lihua and Wattenhofer, Roger and Maltz, David},
 title = {zUpdate: Updating Data Center Networks with Zero Loss},
 booktitle = {SIGCOMM 2013},
} 

@inproceedings{opennf:sigcomm14,
 author = {Gember-Jacobson, Aaron and Viswanathan, Raajay and Prakash, Chaithan and Grandl, Robert and Khalid, Junaid and Das, Sourav and Akella, Aditya},
 title = {OpenNF: Enabling Innovation in Network Function Control},
 booktitle = {SIGCOMM 2014},
} 

@inproceedings{nss:sigcomm14,
 author = {Sun, Peng and Mahajan, Ratul and Rexford, Jennifer and Yuan, Lihua and Zhang, Ming and Arefin, Ahsan},
 title = {A Network-state Management Service},
 booktitle = {SIGCOMM 2014},
} 

@inproceedings{fast:hotsdn14,
 author = {Moshref, Masoud and Bhargava, Apoorv and Gupta, Adhip and Yu, Minlan and Govindan, Ramesh},
 title = {Flow-level State Transition As a New Switch Primitive for SDN},
 booktitle = {HotSDN 2014},
}

@inproceedings{sensing:sensys10,
 author = {Lu, Hong and Yang, Jun and Liu, Zhigang and Lane, Nicholas D. and Choudhury, Tanzeem and Campbell, Andrew T.},
 title = {The Jigsaw Continuous Sensing Engine for Mobile Phone Applications},
 booktitle = {Proceedings of the 8th ACM Conference on Embedded Networked Sensor Systems},
}

@inproceedings{centri:nsdi10,
 author = {Atul Adya and John Dunagan and Alec Wolman},
 title = {Centrifuge: Integrated Lease Management and Partitioning for Cloud Services},
 booktitle = {NSDI 2010},
} 

@article{packet:class:survey05,
  title={Survey and taxonomy of packet classification techniques},
  author={Taylor, David E},
  journal={ACM Computing Surveys (CSUR)},
  year={2005},
}

@inproceedings{packet:class:infocom00,
  title={Tradeoffs for packet classification},
  author={Feldman, Alexander and Muthukrishnan, S},
  booktitle={INFOCOM},
  year={2000},
}

@inproceedings{packet:class:hoti99,
  title={Packet classification using hierarchical intelligent cuttings},
  author={Gupta, Pankaj and McKeown, Nick},
  booktitle={Hot Interconnects VII},
  year={1999}
}

@inproceedings{middlebox:failure:imc13,
  title={Demystifying the dark side of the middle: A field study of middlebox failures in datacenters},
  author={Potharaju, Rahul and Jain, Navendu},
  booktitle={IMC 2013},
}

@inproceedings{sessionstate:nsdi04,
  title={Session State: Beyond Soft State.},
  author={Ling, Benjamin C and Kiciman, Emre and Fox, Armando},
  booktitle={NSDI 2004}
}


@inproceedings{Keller:conext09,
 author = {Keller, Eric and Yu, Minlan and Caesar, Matthew and Rexford, Jennifer},
 title = {Virtually Eliminating Router Bugs},
 booktitle = {CoNEXT 2009},
}

@inproceedings{Keller:nsdi10,
 author = {Keller, Eric and Rexford, Jennifer and Van Der Merwe, Jacobus},
 title = {Seamless BGP Migration with Router Grafting},
 booktitle = {NSDI 2010},
}

@book{sjf:book,
  title={Operating system concepts},
  author={Silberschatz, Abraham and Galvin, Peter B and Gagne, Greg and Silberschatz, A},
  volume={4},
  year={1998},
  publisher={Addison-Wesley Reading}
}

@article{sjf:management,
  title={Minimising waiting time variance in the single machine problem},
  author={Eilon, Samuel and Chowdhury, IG},
  journal={Management Science},
  year={1977},
  publisher={INFORMS}
}

@inproceedings{ups:hotnets15,
  title={Universal Packet Scheduling},
  author={Mittal, Radhika and Agarwal, Rachit and Ratnasamy, Sylvia and Shenker, Scott},
  booktitle = {ACM HotNets},
  year = 2015
}

@inproceedings{zhang:sigcomm15,
author = {Zhang, Hong and Chen, Li and Yi, Bairen and Chen, Kai and Chowdhury, Mosharaf and Geng, Yanhui},
 title = {CODA: Toward Automatically Identifying and Scheduling Coflows in the Dark},
  booktitle = {Proceedings of the 2016 ACM SIGCOMM Conference},
   series = {SIGCOMM '16},
    year = {2016},
     isbn = {978-1-4503-4193-6},
      location = {Florianopolis, Brazil},
       pages = {160--173},
        numpages = {14},
	 url = {http://doi.acm.org/10.1145/2934872.2934880},
	  doi = {10.1145/2934872.2934880},
	   acmid = {2934880},
	    publisher = {ACM},
	     address = {New York, NY, USA},
	      keywords = {Coflow;, data-intensive applications;, datacenter networks},
}

@inproceedings{acm:spark,
 author = {Zaharia, Matei and Chowdhury, Mosharaf and Franklin, Michael J. and Shenker, Scott and Stoica, Ion},
 title = {Spark: Cluster Computing with Working Sets},
 booktitle = {Proceedings of the 2Nd USENIX Conference on Hot Topics in Cloud Computing},
 series = {HotCloud'10},
 year = {2010},
 location = {Boston, MA},
 pages = {10--10},
 numpages = {1},
 url = {http://dl.acm.org/citation.cfm?id=1863103.1863113},
 acmid = {1863113},
 publisher = {USENIX Association},
 address = {Berkeley, CA, USA},
}

@INPROCEEDINGS{data,
author={S. Lupetti and D. Zagorodnov},
booktitle={International Conference on Digital Telecommunications (ICDT'06)},
title={Data popularity and shortest-job-first scheduling of network transfers},
year={2006},
pages={26-26},
keywords={data communication;scheduling;SJF algorithm;data popularity;lower average waiting time;network transfers;shortest-job-first scheduling;Bandwidth;Computational efficiency;Computational modeling;Computer science;Dynamic scheduling;Processor scheduling;Publishing;Scheduling algorithm;Streaming media;Web server},
doi={10.1109/ICDT.2006.28},
month={Aug},}  

@inproceedings{mantri:OSDI2010,
 author = {Ananthanarayanan, Ganesh and Kandula, Srikanth and Greenberg, Albert and Stoica, Ion and Lu, Yi and Saha, Bikas and Harris, Edward},
 title = {Reining in the Outliers in Map-reduce Clusters Using Mantri},
 booktitle = {Proceedings of the 9th USENIX Conference on Operating Systems Design and Implementation},
 series = {OSDI'10},
 year = {2010},
 location = {Vancouver, BC, Canada},
 pages = {265--278},
 numpages = {14},
 url = {http://dl.acm.org/citation.cfm?id=1924943.1924962},
 acmid = {1924962},
 publisher = {USENIX Association},
 address = {Berkeley, CA, USA},
}

@inproceedings{LEEN:CLOUDCOM2010,
 author = {Ibrahim, Shadi and Jin, Hai and Lu, Lu and Wu, Song and He, Bingsheng and Qi, Li},
 title = {LEEN: Locality/Fairness-Aware Key Partitioning for MapReduce in the Cloud},
 booktitle = {Proceedings of the 2010 IEEE Second International Conference on Cloud Computing Technology and Science},
 series = {CLOUDCOM '10},
 year = {2010},
 isbn = {978-0-7695-4302-4},
 pages = {17--24},
 numpages = {8},
 url = {http://dx.doi.org/10.1109/CloudCom.2010.25},
 doi = {10.1109/CloudCom.2010.25},
 acmid = {1931861},
 publisher = {IEEE Computer Society},
 address = {Washington, DC, USA},
 keywords = {MapReduce, Hadoop, partationing skew, Cloud Computing},
}

@inproceedings {jajooSaath,
author = {Jajoo, Akshay and Gandhi, Rohan and Hu, Y. Charlie and Koh, Cheng-Kok},
title = {Saath: Speeding Up CoFlows by Exploiting the Spatial Dimension},
booktitle = {Proceedings of the 13th International Conference on Emerging Networking EXperiments and Technologies},
series = {CoNEXT '17},
year = {2017},
isbn = {978-1-4503-5422-6},
location = {Incheon, Republic of Korea},
pages = {439--450},
numpages = {12},
url = {http://doi.acm.org/10.1145/3143361.3143364},
doi = {10.1145/3143361.3143364},
acmid = {3143364},
publisher = {ACM},
address = {New York, NY, USA},
keywords = {CoFlow, data-intensive applications, datacenter networks},
}

@inproceedings {jajooPhilae,
author = {Akshay Jajoo and Y. Charlie Hu and Xiaojun Lin},
title = {Your Coflow has Many Flows: Sampling them for Fun and Speed},
booktitle = {2019 {USENIX} Annual Technical Conference ({USENIX} {ATC} 19)},
year = {2019},
isbn = {978-1-939133-03-8},
address = {Renton, WA},
pages = {833--848},
url = {https://www.usenix.org/conference/atc19/presentation/jajoo},
publisher = {{USENIX} Association},
}

@inproceedings{sunflow:conext16,
 author = {Huang, Xin Sunny and Sun, Xiaoye Steven and Ng, T.S. Eugene},
 title = {Sunflow: Efficient Optical Circuit Scheduling for Coflows},
 booktitle = {Proceedings of the 12th International on Conference on Emerging Networking EXperiments and Technologies},
 series = {CoNEXT '16},
 year = {2016},
 isbn = {978-1-4503-4292-6},
 location = {Irvine, California, USA},
 pages = {297--311},
 numpages = {15},
 url = {http://doi.acm.org/10.1145/2999572.2999592},
 doi = {10.1145/2999572.2999592},
 acmid = {2999592},
 publisher = {ACM},
 address = {New York, NY, USA},
 keywords = {circuit scheduling algorithm, cluster network, data center, optical circuit switching, structured traffic flow},
} 
@BOOK{OSConcepts,
    AUTHOR =    {Silberschatz, Abraham and Galvin, Peter B. and Gagne, Greg},
    editor =    {},
    TITLE =     {Process Scheduling. Operating System Concepts},
    Volume =    {},
    Edition =   {8},
    Series =    {},
    PUBLISHER = {John Wiley \& Sons},
    Address =   {},
    Month =     {},
    YEAR =      {2010},
    Note =      {},
    summary =   {}
}
@BOOK{samplingOfPopulations,
    AUTHOR =    {Paul S. Levy, Stanley Lemeshow},
    editor =    {},
    TITLE =     {Sampling of Populations: Methods and Applications},
    Volume =    {},
    Edition =   {4},
    Series =    {},
    PUBLISHER = {Wiley},
    Address =   {},
    Month =     {Jun},
    YEAR =      {2012},
    Note =      {},
    summary =   {}
    }
@book{gittins2011multi,
  title={Multi-armed bandit allocation indices},
  author={Gittins, John and Glazebrook, Kevin and Weber, Richard},
  year={2011},
  publisher={John Wiley \& Sons}
}

@article{bubeck2012regret,
  title={Regret analysis of stochastic and nonstochastic multi-armed bandit problems},
  author={Bubeck, S{\'e}bastien and Cesa-Bianchi, Nicol{\`o}},
  journal={Foundations and Trends{\textregistered} in Machine Learning},
  volume={5},
  number={1},
  pages={1--122},
  year={2012},
  publisher={Now Publishers, Inc.}
}

@article{lai1985asymptotically,
  title={Asymptotically efficient adaptive allocation rules},
  author={Lai, Tze Leung and Robbins, Herbert},
  journal={Advances in Applied Mathematics},
  volume={6},
  number={1},
  pages={4--22},
  year={1985},
  publisher={Elsevier}
}

@article{auer2002finite,
  title={Finite-time analysis of the multiarmed bandit problem},
  author={Auer, Peter and Cesa-Bianchi, Nicolo and Fischer, Paul},
  journal={Machine learning},
  volume={47},
  number={2-3},
  pages={235--256},
  year={2002},
  publisher={Springer}
}
@misc{philaeTechReport,
title = {Philae Tech Report},
url = {https://github.com/coflowPhilae/techreport}
}

@misc{2Sigma:website,
title = {2Sigma hedge fund},
url = {www.twosigma.com},
note = {www.twosigma.com}
}
@misc{2Sigma:scheduler,
title = {2Sigma's proprietary job scheduler},
url = {https://www.twosigma.com/insights/article/cook-a-fair-preemptive-resource-scheduler-for-compute-clusters/},
note = {https://www.twosigma.com/insights/article/cook-a-fair-preemptive-resource-scheduler-for-compute-clusters/},
}
@misc{googleClusterData2011-2Schema,
title = {A document released by Google containing schema and details of the Cluster trace released by Google},
url = {https://drive.google.com/open?id=0B5g07T_gRDg9Z0lsSTEtTWtpOW8},
note = {https://drive.google.com/open?id=0B5g07T
	\_gRDg9Z0lsSTEtTWtpOW8}
}
@misc{googleClusterData2019Schema,
title = {Google cluster-usage traces, Retrieved 21st July 2020},
url = {https://drive.google.com/file/d/10r6cnJ5cJ89fPWCgj7j4LtLBqYN9RiI9/view},
note = {https://drive.google.com/file/d/10r6cnJ5cJ89fPWCgj7j4LtLBqYN9RiI9/view},
}
@misc{googleClusterData2019,
title = {Google cluster-usage traces, Retrieved 21st July 2020},
url = {https://research.google/tools/datasets/google-cluster-workload-traces-2019/},
note = {https://research.google/tools/datasets/google-cluster-workload-traces-2019/}
}
%url = {https://drive.google.com/open?id=0B5g07T_gRDg9Z0lsSTEtTWtpOW8},
%note = {https://drive.google.com/open?id=0B5g07T
%	\_gRDg9Z0lsSTEtTWtpOW8}

@inproceedings{borgTraceAnalysis2019,
author = {Tirmazi, Muhammad and Barker, Adam and Deng, Nan and Haque, Md E. and Qin, Zhijing Gene and Hand, Steven and Harchol-Balter, Mor and Wilkes, John},
title = {Borg: The next Generation},
year = {2020},
isbn = {9781450368827},
publisher = {ACM},
address = {New York, NY, USA},
url = {https://doi.org/10.1145/3342195.3387517},
series = {EuroSys ’20}
}
%publisher = {Association for Computing Machinery},
%doi = {10.1145/3342195.3387517},
%booktitle = {Proceedings of the Fifteenth European Conference on Computer Systems},
%articleno = {30},
%numpages = {14},
%keywords = {cloud computing, data centers},
%location = {Heraklion, Greece},
@misc{gridmixpatch:junwoo,
title = {A patch for gridmix},
url = {https://issues.apache.org/jira/browse/YARN-2672},
note = {https://issues.apache.org/jira/browse/YARN-2672}
}

@misc{numericHistogramJavaPatch,
title = {Hadoop patch for numeric histogram},
url = {https://issues.apache.org/jira/browse/YARN-2672},
note = {https://issues.apache.org/jira/browse/YARN-2672}
}
%https://github.com/apache/hive/blob/master/ql/src/java/org/apache/hadoop/hive/ql/udf/generic/NumericHistogram.java

@misc{dssScheduler,
title = {DSS Scheduler},
url = {https://github.com/epfl-labos/DSS},
note = {https://github.com/epfl-labos/DSS}
}

@misc{kairosScheduler,
title = {Kairos Scheduler},
url = {https://github.com/epfl-labos/Kairos},
note = {https://github.com/epfl-labos/Kairos}
}

@misc{googleTraceGithub,
title = {Cluster Trace from Google - 2011},
url = {https://github.com/google/cluster-data/blob/master/ClusterData2011_2.md},
note = {https://github.com/google/cluster-data/blob/master/ClusterData2011\_2.md}
}

@misc{SWIMTraceGithub,
title = {SWIM workload repository},
url = {https://github.com/SWIMProjectUCB/SWIM/wiki/Workloads-repository},
note = {https://github.com/SWIMProjectUCB/SWIM/wiki/Workloads-repository}
}

@book{bootstrapMethods,
  title={Bootstrap Methods and Permutation Tests},
  author={Hesterberg, Tim and Monaghan, Shaun and Moore, David S. and Clipson, Ashley and Epstein, Rachel},
  year={2003},
  publisher={W. H. Freeman and Company, New York}
}


@inproceedings{mapreduceonline:nsdi2010,
	 author = {Condie, Tyson and Conway, Neil and Alvaro, Peter and Hellerstein, Joseph M. and Elmeleegy, Khaled and Sears, Russell},
	  title = {MapReduce Online},
	   booktitle = {Proceedings of the 7th USENIX Conference on Networked Systems Design and Implementation},
	    series = {NSDI'10},
	     year = {2010},
	      location = {San Jose, California},
	       pages = {21--21},
	        numpages = {1},
		 url = {http://dl.acm.org/citation.cfm?id=1855711.1855732},
		  acmid = {1855732},
		   publisher = {USENIX Association},
		    address = {Berkeley, CA, USA},
}

@inproceedings{dryad:eurosys2007,
	 author = {Isard, Michael and Budiu, Mihai and Yu, Yuan and Birrell, Andrew and Fetterly, Dennis},
	  title = {Dryad: Distributed Data-parallel Programs from Sequential Building Blocks},
	   booktitle = {Proceedings of the 2Nd ACM SIGOPS/EuroSys European Conference on Computer Systems 2007},
	    series = {EuroSys '07},
	     year = {2007},
	      isbn = {978-1-59593-636-3},
	       location = {Lisbon, Portugal},
	        pages = {59--72},
		 numpages = {14},
		  url = {http://doi.acm.org/10.1145/1272996.1273005},
		   doi = {10.1145/1272996.1273005},
		    acmid = {1273005},
		     publisher = {ACM},
		      address = {New York, NY, USA},
		       keywords = {cluster computing, concurrency, dataflow, distributed programming},
}

@inproceedings{dandelion:sosp2013,
	 author = {Rossbach, Christopher J. and Yu, Yuan and Currey, Jon and Martin, Jean-Philippe and Fetterly, Dennis},
	  title = {Dandelion: A Compiler and Runtime for Heterogeneous Systems},
	   booktitle = {Proceedings of the Twenty-Fourth ACM Symposium on Operating Systems Principles},
	    series = {SOSP '13},
	     year = {2013},
	      isbn = {978-1-4503-2388-8},
	       location = {Farminton, Pennsylvania},
	        pages = {49--68},
		 numpages = {20},
		  url = {http://doi.acm.org/10.1145/2517349.2522715},
		   doi = {10.1145/2517349.2522715},
		    acmid = {2522715},
		     publisher = {ACM},
		      address = {New York, NY, USA},
}
@misc{jordanLecturePosterirorDistribution,
title = {Resutls on the posteriro distribution with Gaussian priors},
url = {https://people.eecs.berkeley.edu/~jordan/courses/260-spring10/lectures/lecture5.pdf},
note = {https://people.eecs.berkeley.edu/~jordan/courses/260-spring10/lectures/lecture5.pdf}
}
%%%%%%%%%%	For JS	%%%%%%%%%%
@inproceedings{cora:infocom2015,
  title={Need for speed: Cora scheduler for optimizing completion-times in the cloud},
  author={Huang, Zhe and Balasubramanian, Bharath and Wang, Michael and Lan, Tian and Chiang, Mung and Tsang, Danny HK},
  booktitle={2015 IEEE Conference on Computer Communications (INFOCOM)},
  pages={891--899},
  year={2015},
  organization={IEEE}
}

@inproceedings {morpheus,
	author = {Sangeetha Abdu Jyothi and Carlo Curino and Ishai Menache and Shravan Matthur Narayanamurthy and Alexey Tumanov and Jonathan Yaniv and Ruslan Mavlyutov and Inigo Goiri and Subru Krishnan and Janardhan Kulkarni and Sriram Rao},
	title = {Morpheus: Towards Automated SLOs for Enterprise Clusters},
	booktitle = {12th {USENIX} Symposium on Operating Systems Design and Implementation ({OSDI} 16)},
	year = {2016},
	isbn = {978-1-931971-33-1},
	address = {Savannah, GA},
	pages = {117--134},
	url = {https://www.usenix.org/conference/osdi16/technical-sessions/presentation/jyothi},
	publisher = {{USENIX} Association},
}

@inproceedings{corral,
	author = {Jalaparti, Virajith and Bodik, Peter and Menache, Ishai and Rao, Sriram and Makarychev, Konstantin and Caesar, Matthew},
	title = {Network-Aware Scheduling for Data-Parallel Jobs: Plan When You Can},
	booktitle = {Proceedings of the 2015 ACM Conference on Special Interest Group on Data Communication},
	series = {SIGCOMM '15},
	year = {2015},
	isbn = {978-1-4503-3542-3},
	location = {London, United Kingdom},
	pages = {407--420},
	numpages = {14},
	url = {http://doi.acm.org/10.1145/2785956.2787488},
	doi = {10.1145/2785956.2787488},
	acmid = {2787488},
	publisher = {ACM},
	address = {New York, NY, USA},
	keywords = {cluster schedulers, cross-layer optimization, data-intensive applications, joint data and compute placement},
}

@inproceedings{tetrisched,
	author = {Tumanov, Alexey and Zhu, Timothy and Park, Jun Woo and Kozuch, Michael A. and Harchol-Balter, Mor and Ganger, Gregory R.},
	title = {TetriSched: Global Rescheduling with Adaptive Plan-ahead in Dynamic Heterogeneous Clusters},
	booktitle = {Proceedings of the Eleventh European Conference on Computer Systems},
	series = {EuroSys '16},
	year = {2016},
	isbn = {978-1-4503-4240-7},
	location = {London, United Kingdom},
	pages = {35:1--35:16},
	articleno = {35},
	numpages = {16},
	url = {http://doi.acm.org/10.1145/2901318.2901355},
	doi = {10.1145/2901318.2901355},
	acmid = {2901355},
	publisher = {ACM},
	address = {New York, NY, USA},
}

@inproceedings{IfYouAreLateDontBlameUs:socc14,
	 author = {Curino, Carlo and Difallah, Djellel E. and Douglas, Chris and Krishnan, Subru and Ramakrishnan, Raghu and Rao, Sriram},
	  title = {Reservation-based Scheduling: If You'Re Late Don'T Blame Us!},
	   booktitle = {Proceedings of the ACM Symposium on Cloud Computing},
	    series = {SOCC '14},
	     year = {2014},
	      isbn = {978-1-4503-3252-1},
	       location = {Seattle, WA, USA},
	        pages = {2:1--2:14},
		 articleno = {2},
		  numpages = {14},
		   url = {http://doi.acm.org/10.1145/2670979.2670981},
		    doi = {10.1145/2670979.2670981},
		     acmid = {2670981},
		      publisher = {ACM},
		       address = {New York, NY, USA},
}

@inproceedings {AltruisticScheduling,
	author = {Robert Grandl and Mosharaf Chowdhury and Aditya Akella and Ganesh Ananthanarayanan},
	title = {Altruistic Scheduling in Multi-Resource Clusters},
	booktitle = {12th {USENIX} Symposium on Operating Systems Design and Implementation ({OSDI} 16)},
	year = {2016},
	isbn = {978-1-931971-33-1},
	address = {Savannah, GA},
	pages = {65--80},
	url = {https://www.usenix.org/conference/osdi16/technical-sessions/presentation/grandl_altruistic},
	publisher = {{USENIX} Association},
}

@inproceedings{3Sigma,
	 author = {Park, Jun Woo and Tumanov, Alexey and Jiang, Angela and Kozuch, Michael A. and Ganger, Gregory R.},
	  title = {3Sigma: Distribution-based Cluster Scheduling for Runtime Uncertainty},
	   booktitle = {Proceedings of the Thirteenth EuroSys Conference},
	    series = {EuroSys '18},
	     year = {2018},
	      isbn = {978-1-4503-5584-1},
	       location = {Porto, Portugal},
	        pages = {2:1--2:17},
		 articleno = {2},
		  numpages = {17},
		   url = {http://doi.acm.org/10.1145/3190508.3190515},
		    doi = {10.1145/3190508.3190515},
		     acmid = {3190515},
		      publisher = {ACM},
		       address = {New York, NY, USA},
}

@inproceedings{MultiResourcePackingForClusterSchedulers,
	 author = {Grandl, Robert and Ananthanarayanan, Ganesh and Kandula, Srikanth and Rao, Sriram and Akella, Aditya},
	  title = {Multi-resource Packing for Cluster Schedulers},
	   booktitle = {Proceedings of the 2014 ACM Conference on SIGCOMM},
	    series = {SIGCOMM '14},
	     year = {2014},
	      isbn = {978-1-4503-2836-4},
	       location = {Chicago, Illinois, USA},
	        pages = {455--466},
		 numpages = {12},
		  url = {http://doi.acm.org/10.1145/2619239.2626334},
		   doi = {10.1145/2619239.2626334},
		    acmid = {2626334},
		     publisher = {ACM},
		      address = {New York, NY, USA},
		       keywords = {cluster schedulers, completion time, fairness, makespan, multi-dimensional, packing},
}

@inproceedings {shufflewatcher,
	author = {Faraz Ahmad and Srimat T. Chakradhar and Anand Raghunathan and T. N. Vijaykumar},
	title = {ShuffleWatcher: Shuffle-aware Scheduling in Multi-tenant MapReduce Clusters},
	booktitle = {2014 {USENIX} Annual Technical Conference ({USENIX} {ATC} 14)},
	year = {2014},
	isbn = {978-1-931971-10-2},
	address = {Philadelphia, PA},
	pages = {1--13},
	url = {https://www.usenix.org/conference/atc14/technical-sessions/presentation/ahmad},
	publisher = {{USENIX} Association},
}

@inproceedings {DontCryOverSpilledRecords,
	author = {Calin Iorgulescu and Florin Dinu and Aunn Raza and Wajih Ul Hassan and Willy Zwaenepoel},
	title = {Don{\textquoteright}t cry over spilled records: Memory elasticity of data-parallel applications and its application to cluster scheduling},
	booktitle = {2017 {USENIX} Annual Technical Conference ({USENIX} {ATC} 17)},
	year = {2017},
	isbn = {978-1-931971-38-6},
	address = {Santa Clara, CA},
	pages = {97--109},
	url = {https://www.usenix.org/conference/atc17/technical-sessions/presentation/iorgulescu},
	publisher = {{USENIX} Association},
}


@inproceedings{bazaar:socc2012,
	 author = {Jalaparti, Virajith and Ballani, Hitesh and Costa, Paolo and Karagiannis, Thomas and Rowstron, Ant},
	  title = {Bridging the Tenant-provider Gap in Cloud Services},
	   booktitle = {Proceedings of the Third ACM Symposium on Cloud Computing},
	    series = {SoCC '12},
	     year = {2012},
	      isbn = {978-1-4503-1761-0},
	       location = {San Jose, California},
	        pages = {10:1--10:14},
		 articleno = {10},
		  numpages = {14},
		   url = {http://doi.acm.org/10.1145/2391229.2391239},
		    doi = {10.1145/2391229.2391239},
		     acmid = {2391239},
		      publisher = {ACM},
		       address = {New York, NY, USA},
		        keywords = {cloud, cloud pricing, job-centric, provider interface, resource malleability, resource selection},
}

@inproceedings{jockey:eurosys2012,
	 author = {Ferguson, Andrew D. and Bodik, Peter and Kandula, Srikanth and Boutin, Eric and Fonseca, Rodrigo},
	  title = {Jockey: Guaranteed Job Latency in Data Parallel Clusters},
	   booktitle = {Proceedings of the 7th ACM European Conference on Computer Systems},
	    series = {EuroSys '12},
	     year = {2012},
	      isbn = {978-1-4503-1223-3},
	       location = {Bern, Switzerland},
	        pages = {99--112},
		 numpages = {14},
		  url = {http://doi.acm.org/10.1145/2168836.2168847},
		   doi = {10.1145/2168836.2168847},
		    acmid = {2168847},
		     publisher = {ACM},
		      address = {New York, NY, USA},
		       keywords = {Dryad, MapReduce, SLO, data parallel, deadline, dynamic adaptation, scheduling},
} 


@inproceedings {Apollo:osdi2014,
	author = {Eric Boutin and Jaliya Ekanayake and Wei Lin and Bing Shi and Jingren Zhou and Zhengping Qian and Ming Wu and Lidong Zhou},
	title = {Apollo: Scalable and Coordinated Scheduling for Cloud-Scale Computing},
	booktitle = {11th {USENIX} Symposium on Operating Systems Design and Implementation ({OSDI} 14)},
	year = {2014},
	isbn = {978-1-931971-16-4},
	address = {Broomfield, CO},
	pages = {285--300},
	url = {https://www.usenix.org/conference/osdi14/technical-sessions/presentation/boutin},
	publisher = {{USENIX} Association},
}

@inproceedings{googleTraceAnalysis:socc2012,
	 author = {Reiss, Charles and Tumanov, Alexey and Ganger, Gregory R. and Katz, Randy H. and Kozuch, Michael A.},
	  title = {Heterogeneity and Dynamicity of Clouds at Scale: Google Trace Analysis},
	   booktitle = {Proceedings of the Third ACM Symposium on Cloud Computing},
	    series = {SoCC '12},
	     year = {2012},
	      isbn = {978-1-4503-1761-0},
	       location = {San Jose, California},
	        pages = {7:1--7:13},
		 articleno = {7},
		  numpages = {13},
		   url = {http://doi.acm.org/10.1145/2391229.2391236},
		    doi = {10.1145/2391229.2391236},
		     acmid = {2391236},
		      publisher = {ACM},
		       address = {New York, NY, USA},
}

@InProceedings{wsmith:IEEE98,
	author="Smith, Warren
		and Foster, Ian
		and Taylor, Valerie",
	editor="Feitelson, Dror G.
		and Rudolph, Larry",
	title="Predicting application run times using historical information",
	booktitle="Job Scheduling Strategies for Parallel Processing",
	year="1998",
	publisher="Springer Berlin Heidelberg",
	address="Berlin, Heidelberg",
	pages="122--142",
	isbn="978-3-540-68536-4"
}

@inproceedings {workloadDiversity:atc18,
	author = {George Amvrosiadis and Jun Woo Park and Gregory R. Ganger and Garth A. Gibson and Elisabeth Baseman and Nathan DeBardeleben},
	title = {On the diversity of cluster workloads and its impact on research results},
	booktitle = {2018 {USENIX} Annual Technical Conference ({USENIX} {ATC} 18)},
	year = {2018},
	isbn = {978-1-931971-44-7},
	address = {Boston, MA},
	pages = {533--546},
	url = {https://www.usenix.org/conference/atc18/presentation/amvrosiadis},
	publisher = {{USENIX} Association},
}

@inproceedings{perforator:socc2016,
	 author = {Rajan, Kaushik and Kakadia, Dharmesh and Curino, Carlo and Krishnan, Subru},
	  title = {PerfOrator: Eloquent Performance Models for Resource Optimization},
	   booktitle = {Proceedings of the Seventh ACM Symposium on Cloud Computing},
	    series = {SoCC '16},
	     year = {2016},
	      isbn = {978-1-4503-4525-5},
	       location = {Santa Clara, CA, USA},
	        pages = {415--427},
		 numpages = {13},
		  url = {http://doi.acm.org/10.1145/2987550.2987566},
		   doi = {10.1145/2987550.2987566},
		    acmid = {2987566},
		     publisher = {ACM},
		      address = {New York, NY, USA},
}

@inproceedings{borg,
	title	= {Large-scale cluster management at {Google} with {Borg}},
	author	= {Abhishek Verma and Luis Pedrosa and Madhukar R. Korupolu and David Oppenheimer and Eric Tune and John Wilkes},
	year	= {2015},
	booktitle	= {Proceedings of the European Conference on Computer Systems (EuroSys)},
	address	= {Bordeaux, France}
}

@inproceedings{jamiasvu,
author = {Alexey Tumanov and Angela Jiang and Jun Woo Park and Michael A. Kozuch and Gregory R. Ganger},
title = {JamaisVu: Robust Scheduling with Auto-Estimated Job Runtimes.},
year = {2016},
booktitle = {Technical Report CMU-PDL-16-104},
publisher = {Carnegie Mellon University}
}

@misc{personalCommunication:JunWoo,
title = {Personal communication with authors of 3Sigma, Eurosys 2018},
}
@misc{personalCommunication:MarkAstley,
title = {Personal communication with a 2Sigma engineer regarding properties of the 2Sigma trace used.},
}

@inproceedings{stratus:socc2018,
	 author = {Chung, Andrew and Park, Jun Woo and Ganger, Gregory R.},
	  title = {Stratus: Cost-aware Container Scheduling in the Public Cloud},
	   booktitle = {Proceedings of the ACM Symposium on Cloud Computing},
	    series = {SoCC '18},
	     year = {2018},
	      isbn = {978-1-4503-6011-1},
	       location = {Carlsbad, CA, USA},
	        pages = {121--134},
		 numpages = {14},
		  url = {http://doi.acm.org/10.1145/3267809.3267819},
		   doi = {10.1145/3267809.3267819},
		    acmid = {3267819},
		     publisher = {ACM},
		      address = {New York, NY, USA},
		       keywords = {cloud computing, cluster scheduling, transient server},
}

@article{roughSetEstimation:IEEE:Shonali,
	title = "Estimating computation times of data-intensive applications",
	author = "Shonali Krishnaswamy and Loke, {Seng Wai} and Arkady Zaslavsky",
	year = "2004",
	doi = "10.1109/MDSO.2004.1301253",
	language = "English",
	volume = "5",
	pages = "1 -- 12",
	journal = "IEEE Distributed Systems Online",
	issn = "1541-4922",
	number = "4",
}



@inproceedings{kairos:socc2018,
	  author = {Delgado, Pamela and Didona, Diego and Dinu, Florin and Zwaenepoel, Willy},
	   title = {Kairos: Preemptive Data Center Scheduling Without Runtime Estimates},
	    booktitle = {Proceedings of the ACM Symposium on Cloud Computing},
	     series = {SoCC '18},
	      year = {2018},
	       isbn = {978-1-4503-6011-1},
	        location = {Carlsbad, CA, USA},
		 pages = {135--148},
		  numpages = {14},
		   url = {http://doi.acm.org/10.1145/3267809.3267838},
		    doi = {10.1145/3267809.3267838},
		     acmid = {3267838},
		      publisher = {ACM},
		       address = {New York, NY, USA},
		        keywords = {Cloud computing, Data center, Scheduling},
}

@inproceedings{traceAnalysisOfRunAndWaitTime:hpdc2009,
         author = {Sonmez, Ozan and Yigitbasi, Nezih and Iosup, Alexandru and Epema, Dick},
          title = {Trace-based Evaluation of Job Runtime and Queue Wait Time Predictions in Grids},
           booktitle = {Proceedings of the 18th ACM International Symposium on High Performance Distributed Computing},
            series = {HPDC '09},
             year = {2009},
              isbn = {978-1-60558-587-1},
               location = {Garching, Germany},
       	 pages = {111--120},
       	  numpages = {10},
       	   url = {http://doi.acm.org/10.1145/1551609.1551632},
       	    doi = {10.1145/1551609.1551632},
       	     acmid = {1551632},
       	      publisher = {ACM},
       	       address = {New York, NY, USA},
       	        keywords = {grid scheduling, performance evaluation, predictions, time series prediction methods, trace-based simulation},
}

@article{eagle:socc2016,
	      title = {Job-aware Scheduling in Eagle: Divide and Stick to Your  Probes},
	      author = {Delgado, Pamela and Didona, Diego and Dinu, Florin and  Zwaenepoel, Willy},
	      publisher = {ACM},
	      journal = {Proceedings of the Seventh ACM Symposium on Cloud  Computing},
	      pages = {13. 497-509},
	      year = {2016},
	      url = {http://infoscience.epfl.ch/record/221125},
	      doi = {10.1145/2987550.2987563},
}

@inproceedings {cherrypick:nsdi2017,
	author = {Omid Alipourfard and Hongqiang Harry Liu and Jianshu Chen and Shivaram Venkataraman and Minlan Yu and Ming Zhang},
	title = {CherryPick: Adaptively Unearthing the Best Cloud Configurations for Big Data Analytics},
	booktitle = {14th {USENIX} Symposium on Networked Systems Design and Implementation ({NSDI} 17)},
	year = {2017},
	isbn = {978-1-931971-37-9},
	address = {Boston, MA},
	pages = {469--482},
	url = {https://www.usenix.org/conference/nsdi17/technical-sessions/presentation/alipourfard},
	publisher = {{USENIX} Association},
}

@inproceedings{skewReduce:socc2010,
	author = {Kwon, YongChul and Balazinska, Magdalena and Howe, Bill and Rolia, Jerome},
	title = {Skew-resistant Parallel Processing of Feature-extracting Scientific User-defined Functions},
	booktitle = {Proceedings of the 1st ACM Symposium on Cloud Computing},
	series = {SoCC '10},
	year = {2010},
	isbn = {978-1-4503-0036-0},
	location = {Indianapolis, Indiana, USA},
	pages = {75--86},
	numpages = {12},
	url = {http://doi.acm.org/10.1145/1807128.1807140},
	doi = {10.1145/1807128.1807140},
	acmid = {1807140},
	publisher = {ACM},
	address = {New York, NY, USA},
	keywords = {mapreduce, parallel processing, partition, scientific data management, skew},
}

@inproceedings{raiLAS:sigmetrics2003,
	author = {Rai, Idris A. and Urvoy-Keller, Guillaume and Biersack, Ernst W.},
	title = {Analysis of LAS Scheduling for Job Size Distributions with High Variance},
	booktitle = {Proceedings of the 2003 ACM SIGMETRICS International Conference on Measurement and Modeling of Computer Systems},
	series = {SIGMETRICS '03},
	year = {2003},
	isbn = {1-58113-664-1},
	location = {San Diego, CA, USA},
	pages = {218--228},
	numpages = {11},
	url = {http://doi.acm.org/10.1145/781027.781055},
	doi = {10.1145/781027.781055},
	acmid = {781055},
	publisher = {ACM},
	address = {New York, NY, USA},
	keywords = {high variability property, least attained service, size-based scheduling, web objects response time},
}

@inproceedings {cdef:atc18,
	author = {Yong Xu and Kaixin Sui and Randolph Yao and Hongyu Zhang and Qingwei Lin and Yingnong Dang and Peng Li and Keceng Jiang and Wenchi Zhang and Jian-Guang Lou and Murali Chintalapati and Dongmei Zhang},
	title = {Improving Service Availability of Cloud Systems by Predicting Disk Error},
	booktitle = {2018 {USENIX} Annual Technical Conference ({USENIX} {ATC} 18)},
	year = {2018},
	isbn = {978-1-931971-44-7},
	address = {Boston, MA},
	pages = {481--494},
	url = {https://www.usenix.org/conference/atc18/presentation/xu-yong},
	publisher = {{USENIX} Association},
}

@misc{forecastByStatistaOnBigData,
title = {Big data market size revenue forecast worldwide from 2011 to 2027},
note = {https://www.statista.com/statistics/254266/global-big-data-market-forecast/}
}

@misc{reportByStatistaOnBigData,
title = {Big Data - Statistics \& Facts},
note = {https://www.statista.com/topics/1464/big-data/}
}

@misc{reportOnDiversityInBigData,
title = {Diversity in Big Data: A Review},
note = {https://dataresponsibly.github.io/documents/big.2016.0054.pdf}
}

@article{nuyens:survey2008,
  title={The foreground--background queue: a survey},
  author={Nuyens, Misja and Wierman, Adam},
  journal={Performance evaluation},
  volume={65},
  number={3-4},
  pages={286--307},
  year={2008},
  publisher={Elsevier}
}

@inproceedings{tss:afips1962,
  title={An experimental time-sharing system},
  author={Corbat{\'o}, Fernando J and Merwin-Daggett, Marjorie and Daley, Robert C},
  booktitle={Proceedings of the AFIPS Fall Joint Computer Conference},
  pages={335--344},
  year={1962}
}

@article{feedback:jacm1968,
  title={Feedback queueing models for time-shared systems},
  author={Coffman, Edward G and Kleinrock, Leonard},
  journal={Journal of the ACM (JACM)},
  volume={15},
  number={4},
  pages={549--576},
  year={1968},
  publisher={ACM}
}

@article{OSConcepts:scheduling,
    title =     {Scheduling: The multi-level feedback queue},
    author =    {R.H. Arpaci-Dusseasu and A.C., Arpaci-Dusseau},
    year={2014},
    publisher={Operating Systems: Three Easy Pieces}
}

 %author = {Chaiken, Ronnie and Jenkins, Bob and Larson, Per-\AAke and Ramsey, Bill and Shakib, Darren and Weaver, Simon and Zhou, Jingren},
@article{scope:2008,
 author = {Chaiken, Ronnie and Jenkins, Bob and Larson, Per-AAke and Ramsey, Bill and Shakib, Darren and Weaver, Simon and Zhou, Jingren},
 title = {SCOPE: Easy and Efficient Parallel Processing of Massive Data Sets},
 journal = {Proc. VLDB Endow.},
 issue_date = {August 2008},
 volume = {1},
 number = {2},
 month = aug,
 year = {2008},
 issn = {2150-8097},
 pages = {1265--1276},
 numpages = {12},
 note = {http://dx.doi.org/10.14778/1454159.1454166},
 doi = {10.14778/1454159.1454166},
 publisher = {VLDB Endowment}
}

@misc{nodegraphAmountOfData:2020,
title = {How much data is out there},
note = {https://www.nodegraph.se/how-much-data-is-on-the-internet/. Accessed 29th August 2020}
}

@book{DistributedComputingInBigDataAnalytics:book,
  title={Distributed Computing In Big Data Analytics},
  author={Mazumder, Sourav and Singh Bhadoria, Robin and Deka, Ganesh Chandra (Eds.)},
  year={2017},
  publisher={Springer},
  isbn = {978-3-319-59834-5}
}

@Inbook{OnTheRoleOfDistributedComputingInBigDataAnalytics:Inbook,
author="Amato, Alba",
editor="Mazumder, Sourav
and Singh Bhadoria, Robin
and Deka, Ganesh Chandra",
title="On the Role of Distributed Computing in Big Data Analytics",
bookTitle="Distributed Computing in Big Data Analytics: Concepts, Technologies and Applications",
year="2017",
publisher="Springer International Publishing",
address="Cham",
pages="1--10",
isbn="978-3-319-59834-5",
doi="10.1007/978-3-319-59834-5_1",
url="https://doi.org/10.1007/978-3-319-59834-5_1"
}

@INCOLLECTION{GartnerHypeCycleForBigData:2012,
author={Gartner},
title={Hype cycle for big data},
year={2012},
bookTitle={On the role of Distributed Computing in Big Data Analytics},
volume={11}
}

@article{AppInfoServiceForDistributedComputingEnvironments,
  title={Application Information Services for distributed computing environments},
  author={Afgan, Enis and Bangalore, Purushotham and Skala, Karolj},
  journal={Future Generation Computer Systems},
  volume={27},
  number={2},
  pages={173--181},
  year={2011},
  publisher={Elsevier}
}

@misc{HadoopMapReduceTutorial,
title = {Apache Hadoop Map Reduce Tutorial},
note = {https://hadoop.apache.org/docs/r1.2.1/mapred\_tutorial.html. Accessed 29th August 2020}
}

@article{MLLib:CoRR-2015,
  title={Mllib: Machine learning in apache spark},
  author={Meng, Xiangrui and Bradley, Joseph and Yavuz, Burak and Sparks, Evan and Venkataraman, Shivaram and Liu, Davies and Freeman, Jeremy and Tsai, DB and Amde, Manish and Owen, Sean and others},
  journal={The Journal of Machine Learning Research},
  volume={17},
  number={1},
  pages={1235--1241},
  year={2016},
  publisher={JMLR. org}
}

@inproceedings{MLbase:CIDR-2013,
  title={MLbase: A Distributed Machine-learning System.},
  author={Kraska, Tim and Talwalkar, Ameet and Duchi, John C and Griffith, Rean and Franklin, Michael J and Jordan, Michael I},
  booktitle={Cidr},
  volume={1},
  pages={2--1},
  year={2013}
}

@inproceedings{SystemML:ICDE-2011,
  title={SystemML: Declarative machine learning on MapReduce},
  author={Ghoting, Amol and Krishnamurthy, Rajasekar and Pednault, Edwin and Reinwald, Berthold and Sindhwani, Vikas and Tatikonda, Shirish and Tian, Yuanyuan and Vaithyanathan, Shivakumar},
  booktitle={2011 IEEE 27th International Conference on Data Engineering},
  pages={231--242},
  year={2011},
  organization={IEEE}
}
